Trade_Time,Price_USD,Volume_BTC,Symbol
2025-09-30 00:08:28.734,114276.6,0.04,BTCUSDT
2025-09-30 00:08:28.923,114276.6,0.023,BTCUSDT
2025-09-30 00:08:29.187,114276.7,0.018,BTCUSDT
2025-09-30 00:08:29.396,114276.7,0.087,BTCUSDT
2025-09-30 00:08:29.693,114276.6,0.016,BTCUSDT
2025-09-30 00:08:29.693,114276.6,0.024,BTCUSDT
2025-09-30 00:08:29.868,114276.6,0.021,BTCUSDT
2025-09-30 00:08:30.269,114276.6,0.001,BTCUSDT
2025-09-30 00:08:30.269,114276.6,0.001,BTCUSDT
2025-09-30 00:08:30.269,114276.6,0.023,BTCUSDT
2025-09-30 00:08:30.383,114276.6,0.006,BTCUSDT
2025-09-30 00:08:30.383,114276.6,0.005,BTCUSDT
2025-09-30 00:08:30.383,114276.6,0.001,BTCUSDT
2025-09-30 00:08:30.406,114276.6,0.063,BTCUSDT
2025-09-30 00:08:30.406,114276.6,0.031,BTCUSDT
2025-09-30 00:08:30.406,114276.6,1.545,BTCUSDT
2025-09-30 00:08:30.409,114276.6,0.019,BTCUSDT
2025-09-30 00:08:30.412,114276.6,0.005,BTCUSDT
2025-09-30 00:08:30.414,114276.6,0.015,BTCUSDT
2025-09-30 00:08:30.416,114276.6,5.365,BTCUSDT
2025-09-30 00:08:30.416,114276.6,3.181,BTCUSDT
2025-09-30 00:08:30.416,114276.6,0.218,BTCUSDT
2025-09-30 00:08:30.416,114276.6,0.009,BTCUSDT
2025-09-30 00:08:30.416,114276.6,0.006,BTCUSDT
2025-09-30 00:08:30.416,114276.6,0.002,BTCUSDT
2025-09-30 00:08:30.416,114276.6,0.008,BTCUSDT
2025-09-30 00:08:30.416,114276.6,0.001,BTCUSDT
2025-09-30 00:08:30.416,114276.6,0.009,BTCUSDT
2025-09-30 00:08:30.416,114276.6,0.009,BTCUSDT
2025-09-30 00:08:30.416,114276.6,0.009,BTCUSDT
2025-09-30 00:08:30.416,114276.6,0.009,BTCUSDT
2025-09-30 00:08:30.416,114276.6,0.001,BTCUSDT
2025-09-30 00:08:30.416,114276.6,0.001,BTCUSDT
2025-09-30 00:08:30.416,114276.6,0.002,BTCUSDT
2025-09-30 00:08:30.416,114276.6,0.015,BTCUSDT
2025-09-30 00:08:30.416,114276.6,0.004,BTCUSDT
2025-09-30 00:08:30.416,114276.6,0.049,BTCUSDT
2025-09-30 00:08:30.416,114276.6,0.004,BTCUSDT
2025-09-30 00:08:30.416,114276.6,0.004,BTCUSDT
2025-09-30 00:08:30.416,114276.6,0.108,BTCUSDT
2025-09-30 00:08:30.416,114276.6,0.005,BTCUSDT
2025-09-30 00:08:30.416,114276.6,0.005,BTCUSDT
2025-09-30 00:08:30.416,114276.6,0.003,BTCUSDT
2025-09-30 00:08:30.416,114276.6,0.177,BTCUSDT
2025-09-30 00:08:30.416,114276.6,0.005,BTCUSDT
2025-09-30 00:08:30.416,114276.6,0.35,BTCUSDT
2025-09-30 00:08:30.416,114276.6,0.001,BTCUSDT
2025-09-30 00:08:30.416,114276.6,0.006,BTCUSDT
2025-09-30 00:08:30.416,114276.6,1.164,BTCUSDT
2025-09-30 00:08:30.416,114276.6,0.632,BTCUSDT
2025-09-30 00:08:30.416,114276.6,0.632,BTCUSDT
2025-09-30 00:08:30.416,114276.6,0.254,BTCUSDT
2025-09-30 00:08:30.416,114276.6,0.179,BTCUSDT
2025-09-30 00:08:30.416,114276.6,0.254,BTCUSDT
2025-09-30 00:08:30.416,114276.6,0.179,BTCUSDT
2025-09-30 00:08:30.417,114276.6,0.257,BTCUSDT
2025-09-30 00:08:30.417,114276.6,0.257,BTCUSDT
2025-09-30 00:08:30.417,114276.6,0.137,BTCUSDT
2025-09-30 00:08:30.418,114276.6,0.137,BTCUSDT
2025-09-30 00:08:30.418,114276.6,0.026,BTCUSDT
2025-09-30 00:08:30.418,114276.6,0.276,BTCUSDT
2025-09-30 00:08:30.418,114276.6,0.646,BTCUSDT
2025-09-30 00:08:30.418,114276.6,0.023,BTCUSDT
2025-09-30 00:08:30.418,114276.6,0.097,BTCUSDT
2025-09-30 00:08:30.418,114276.6,1.664,BTCUSDT
2025-09-30 00:08:30.419,114276.6,0.015,BTCUSDT
2025-09-30 00:08:30.419,114276.6,0.32,BTCUSDT
2025-09-30 00:08:30.419,114276.6,0.238,BTCUSDT
2025-09-30 00:08:30.419,114276.6,0.127,BTCUSDT
2025-09-30 00:08:30.419,114276.6,1.0,BTCUSDT
2025-09-30 00:08:30.419,114276.6,0.389,BTCUSDT
2025-09-30 00:08:30.419,114276.6,0.387,BTCUSDT
2025-09-30 00:08:30.419,114276.6,1.097,BTCUSDT
2025-09-30 00:08:30.419,114276.6,0.511,BTCUSDT
2025-09-30 00:08:30.419,114276.6,0.367,BTCUSDT
2025-09-30 00:08:30.419,114276.6,0.046,BTCUSDT
2025-09-30 00:08:30.419,114276.6,0.099,BTCUSDT
2025-09-30 00:08:30.419,114276.6,0.001,BTCUSDT
2025-09-30 00:08:30.419,114276.6,0.001,BTCUSDT
2025-09-30 00:08:30.419,114276.6,0.001,BTCUSDT
2025-09-30 00:08:30.419,114276.6,0.026,BTCUSDT
2025-09-30 00:08:30.419,114276.6,0.001,BTCUSDT
2025-09-30 00:08:30.419,114276.6,0.006,BTCUSDT
2025-09-30 00:08:30.419,114276.6,0.016,BTCUSDT
2025-09-30 00:08:30.419,114276.6,0.005,BTCUSDT
2025-09-30 00:08:30.419,114276.6,0.002,BTCUSDT
2025-09-30 00:08:30.419,114276.6,0.001,BTCUSDT
2025-09-30 00:08:30.419,114276.6,0.006,BTCUSDT
2025-09-30 00:08:30.419,114276.6,0.047,BTCUSDT
2025-09-30 00:08:30.419,114276.6,0.002,BTCUSDT
2025-09-30 00:08:30.419,114276.6,0.01,BTCUSDT
2025-09-30 00:08:30.419,114276.6,0.009,BTCUSDT
2025-09-30 00:08:30.419,114276.6,0.002,BTCUSDT
2025-09-30 00:08:30.419,114276.6,0.005,BTCUSDT
2025-09-30 00:08:30.419,114276.6,0.2,BTCUSDT
2025-09-30 00:08:30.419,114276.6,0.01,BTCUSDT
2025-09-30 00:08:30.419,114276.6,0.019,BTCUSDT
2025-09-30 00:08:30.419,114276.6,0.012,BTCUSDT
2025-09-30 00:08:30.419,114276.6,0.101,BTCUSDT
2025-09-30 00:08:30.419,114276.6,0.002,BTCUSDT
2025-09-30 00:08:30.419,114276.6,0.002,BTCUSDT
2025-09-30 00:08:30.419,114276.6,0.171,BTCUSDT
2025-09-30 00:08:30.419,114276.6,0.024,BTCUSDT
2025-09-30 00:08:30.419,114276.6,0.009,BTCUSDT
2025-09-30 00:08:30.419,114276.6,0.198,BTCUSDT
2025-09-30 00:08:30.419,114276.6,0.138,BTCUSDT
2025-09-30 00:08:30.419,114276.6,0.009,BTCUSDT
2025-09-30 00:08:30.419,114276.6,0.231,BTCUSDT
2025-09-30 00:08:30.419,114276.6,0.005,BTCUSDT
2025-09-30 00:08:30.419,114276.6,0.01,BTCUSDT
2025-09-30 00:08:30.419,114276.6,0.25,BTCUSDT
2025-09-30 00:08:30.419,114276.6,0.018,BTCUSDT
2025-09-30 00:08:30.419,114276.6,0.733,BTCUSDT
2025-09-30 00:08:30.419,114276.6,0.034,BTCUSDT
2025-09-30 00:08:30.419,114276.6,0.143,BTCUSDT
2025-09-30 00:08:30.419,114276.6,0.023,BTCUSDT
2025-09-30 00:08:30.419,114276.6,0.247,BTCUSDT
2025-09-30 00:08:30.419,114276.6,0.132,BTCUSDT
2025-09-30 00:08:30.419,114276.6,0.181,BTCUSDT
2025-09-30 00:08:30.419,114276.6,0.102,BTCUSDT
2025-09-30 00:08:30.419,114276.6,0.057,BTCUSDT
2025-09-30 00:08:30.419,114276.6,0.001,BTCUSDT
2025-09-30 00:08:30.419,114276.6,0.31,BTCUSDT
2025-09-30 00:08:30.419,114276.6,0.002,BTCUSDT
2025-09-30 00:08:30.419,114276.6,0.002,BTCUSDT
2025-09-30 00:08:30.419,114276.6,0.048,BTCUSDT
2025-09-30 00:08:30.419,114276.6,0.019,BTCUSDT
2025-09-30 00:08:30.419,114276.6,0.006,BTCUSDT
2025-09-30 00:08:30.419,114276.5,0.001,BTCUSDT
2025-09-30 00:08:30.419,114276.5,0.001,BTCUSDT
2025-09-30 00:08:30.419,114276.5,0.001,BTCUSDT
2025-09-30 00:08:30.419,114276.5,0.002,BTCUSDT
2025-09-30 00:08:30.419,114276.5,0.011,BTCUSDT
2025-09-30 00:08:30.419,114276.5,0.054,BTCUSDT
2025-09-30 00:08:30.419,114276.5,0.039,BTCUSDT
2025-09-30 00:08:30.419,114276.5,0.012,BTCUSDT
2025-09-30 00:08:30.419,114276.5,0.116,BTCUSDT
2025-09-30 00:08:30.419,114276.5,0.794,BTCUSDT
2025-09-30 00:08:30.419,114276.5,0.106,BTCUSDT
2025-09-30 00:08:30.420,114276.5,0.608,BTCUSDT
2025-09-30 00:08:30.420,114276.5,0.241,BTCUSDT
2025-09-30 00:08:30.420,114276.5,0.188,BTCUSDT
2025-09-30 00:08:30.420,114276.5,0.332,BTCUSDT
2025-09-30 00:08:30.420,114276.5,0.022,BTCUSDT
2025-09-30 00:08:30.420,114276.5,0.058,BTCUSDT
2025-09-30 00:08:30.420,114276.5,0.072,BTCUSDT
2025-09-30 00:08:30.420,114276.5,0.075,BTCUSDT
2025-09-30 00:08:30.420,114276.5,0.029,BTCUSDT
2025-09-30 00:08:30.420,114276.5,0.514,BTCUSDT
2025-09-30 00:08:30.420,114276.5,0.004,BTCUSDT
2025-09-30 00:08:30.420,114276.5,0.001,BTCUSDT
2025-09-30 00:08:30.420,114276.5,0.2,BTCUSDT
2025-09-30 00:08:30.420,114276.5,0.005,BTCUSDT
2025-09-30 00:08:30.420,114276.5,0.001,BTCUSDT
2025-09-30 00:08:30.420,114276.5,0.002,BTCUSDT
2025-09-30 00:08:30.420,114276.5,0.006,BTCUSDT
2025-09-30 00:08:30.420,114276.5,0.002,BTCUSDT
2025-09-30 00:08:30.420,114276.5,0.002,BTCUSDT
2025-09-30 00:08:30.420,114276.5,0.053,BTCUSDT
2025-09-30 00:08:30.420,114276.5,0.026,BTCUSDT
2025-09-30 00:08:30.420,114276.5,0.007,BTCUSDT
2025-09-30 00:08:30.420,114276.5,0.002,BTCUSDT
2025-09-30 00:08:30.420,114276.5,0.002,BTCUSDT
2025-09-30 00:08:30.420,114276.5,0.01,BTCUSDT
2025-09-30 00:08:30.420,114276.5,0.003,BTCUSDT
2025-09-30 00:08:30.420,114276.5,0.001,BTCUSDT
2025-09-30 00:08:30.420,114276.5,0.001,BTCUSDT
2025-09-30 00:08:30.420,114276.4,0.002,BTCUSDT
2025-09-30 00:08:30.420,114276.4,0.001,BTCUSDT
2025-09-30 00:08:30.420,114276.4,0.593,BTCUSDT
2025-09-30 00:08:30.420,114276.4,0.028,BTCUSDT
2025-09-30 00:08:30.421,114276.4,0.061,BTCUSDT
2025-09-30 00:08:30.421,114276.4,0.02,BTCUSDT
2025-09-30 00:08:30.421,114276.4,0.002,BTCUSDT
2025-09-30 00:08:30.421,114276.4,0.002,BTCUSDT
2025-09-30 00:08:30.421,114276.3,0.002,BTCUSDT
2025-09-30 00:08:30.423,114276.2,0.001,BTCUSDT
2025-09-30 00:08:30.428,114276.1,0.001,BTCUSDT
2025-09-30 00:08:30.428,114276.1,0.001,BTCUSDT
2025-09-30 00:08:30.428,114276.1,0.001,BTCUSDT
2025-09-30 00:08:30.428,114276.1,0.001,BTCUSDT
2025-09-30 00:08:30.428,114276.1,0.001,BTCUSDT
2025-09-30 00:08:30.428,114276.0,0.002,BTCUSDT
2025-09-30 00:08:30.428,114275.8,0.002,BTCUSDT
2025-09-30 00:08:30.428,114275.2,0.002,BTCUSDT
2025-09-30 00:08:30.428,114274.9,0.002,BTCUSDT
2025-09-30 00:08:30.428,114274.8,0.001,BTCUSDT
2025-09-30 00:08:30.428,114274.7,0.001,BTCUSDT
2025-09-30 00:08:30.428,114274.4,0.002,BTCUSDT
2025-09-30 00:08:30.428,114274.4,0.001,BTCUSDT
2025-09-30 00:08:30.428,114273.8,0.002,BTCUSDT
2025-09-30 00:08:30.428,114273.7,0.002,BTCUSDT
2025-09-30 00:08:30.428,114273.7,0.002,BTCUSDT
2025-09-30 00:08:30.428,114273.7,0.002,BTCUSDT
2025-09-30 00:08:30.431,114273.5,0.02,BTCUSDT
2025-09-30 00:08:30.434,114273.5,0.003,BTCUSDT
2025-09-30 00:08:30.440,114273.5,0.229,BTCUSDT
2025-09-30 00:08:30.440,114273.5,0.002,BTCUSDT
2025-09-30 00:08:30.462,114272.9,0.04,BTCUSDT
2025-09-30 00:08:30.464,114272.9,0.012,BTCUSDT
2025-09-30 00:08:30.479,114272.9,0.029,BTCUSDT
2025-09-30 00:08:30.484,114272.9,0.01,BTCUSDT
2025-09-30 00:08:30.502,114272.9,0.158,BTCUSDT
2025-09-30 00:08:30.502,114272.9,0.001,BTCUSDT
2025-09-30 00:08:30.502,114272.9,0.001,BTCUSDT
2025-09-30 00:08:30.502,114272.9,0.001,BTCUSDT
2025-09-30 00:08:30.502,114272.9,0.01,BTCUSDT
2025-09-30 00:08:30.502,114272.9,0.001,BTCUSDT
2025-09-30 00:08:30.502,114272.9,0.004,BTCUSDT
2025-09-30 00:08:30.502,114272.9,0.001,BTCUSDT
2025-09-30 00:08:30.502,114272.9,0.087,BTCUSDT
2025-09-30 00:08:30.502,114272.9,0.016,BTCUSDT
2025-09-30 00:08:30.502,114272.9,0.087,BTCUSDT
2025-09-30 00:08:30.502,114272.9,0.006,BTCUSDT
2025-09-30 00:08:30.502,114272.9,0.007,BTCUSDT
2025-09-30 00:08:30.502,114272.9,0.001,BTCUSDT
2025-09-30 00:08:30.502,114272.8,0.002,BTCUSDT
2025-09-30 00:08:30.502,114272.8,0.001,BTCUSDT
2025-09-30 00:08:30.502,114272.8,0.002,BTCUSDT
2025-09-30 00:08:30.502,114272.6,0.001,BTCUSDT
2025-09-30 00:08:30.502,114272.6,0.002,BTCUSDT
2025-09-30 00:08:30.502,114272.6,0.008,BTCUSDT
2025-09-30 00:08:30.502,114272.6,0.004,BTCUSDT
2025-09-30 00:08:30.502,114272.5,0.002,BTCUSDT
2025-09-30 00:08:30.502,114272.3,0.001,BTCUSDT
2025-09-30 00:08:30.502,114272.2,0.002,BTCUSDT
2025-09-30 00:08:30.502,114271.7,0.002,BTCUSDT
2025-09-30 00:08:30.502,114271.4,0.002,BTCUSDT
2025-09-30 00:08:30.502,114271.3,0.002,BTCUSDT
2025-09-30 00:08:30.502,114270.9,0.047,BTCUSDT
2025-09-30 00:08:30.502,114270.6,0.002,BTCUSDT
2025-09-30 00:08:30.502,114270.4,0.001,BTCUSDT
2025-09-30 00:08:30.502,114270.3,0.002,BTCUSDT
2025-09-30 00:08:30.502,114270.2,0.002,BTCUSDT
2025-09-30 00:08:30.502,114270.1,0.035,BTCUSDT
2025-09-30 00:08:30.502,114270.0,0.001,BTCUSDT
2025-09-30 00:08:30.502,114270.0,0.001,BTCUSDT
2025-09-30 00:08:30.502,114270.0,0.002,BTCUSDT
2025-09-30 00:08:30.502,114269.9,0.002,BTCUSDT
2025-09-30 00:08:30.502,114269.9,0.001,BTCUSDT
2025-09-30 00:08:30.502,114269.4,0.001,BTCUSDT
2025-09-30 00:08:30.502,114269.4,0.002,BTCUSDT
2025-09-30 00:08:30.502,114269.2,0.002,BTCUSDT
2025-09-30 00:08:30.502,114269.2,0.001,BTCUSDT
2025-09-30 00:08:30.502,114269.2,0.026,BTCUSDT
2025-09-30 00:08:30.502,114269.1,0.001,BTCUSDT
2025-09-30 00:08:30.502,114268.8,0.002,BTCUSDT
2025-09-30 00:08:30.502,114268.7,0.001,BTCUSDT
2025-09-30 00:08:30.502,114268.6,0.001,BTCUSDT
2025-09-30 00:08:30.502,114268.3,0.002,BTCUSDT
2025-09-30 00:08:30.502,114268.2,0.001,BTCUSDT
2025-09-30 00:08:30.503,114268.1,0.065,BTCUSDT
2025-09-30 00:08:30.503,114268.0,0.002,BTCUSDT
2025-09-30 00:08:30.503,114267.9,0.125,BTCUSDT
2025-09-30 00:08:30.503,114267.8,0.002,BTCUSDT
2025-09-30 00:08:30.503,114267.7,0.005,BTCUSDT
2025-09-30 00:08:30.503,114267.6,0.066,BTCUSDT
2025-09-30 00:08:30.503,114267.3,0.002,BTCUSDT
2025-09-30 00:08:30.503,114267.2,0.002,BTCUSDT
2025-09-30 00:08:30.503,114267.2,0.06,BTCUSDT
2025-09-30 00:08:30.503,114267.0,0.001,BTCUSDT
2025-09-30 00:08:30.503,114266.9,0.002,BTCUSDT
2025-09-30 00:08:30.503,114266.9,0.002,BTCUSDT
2025-09-30 00:08:30.503,114266.6,0.001,BTCUSDT
2025-09-30 00:08:30.503,114266.4,0.002,BTCUSDT
2025-09-30 00:08:30.503,114266.3,0.002,BTCUSDT
2025-09-30 00:08:30.503,114266.1,0.002,BTCUSDT
2025-09-30 00:08:30.503,114266.0,0.001,BTCUSDT
2025-09-30 00:08:30.503,114265.8,0.001,BTCUSDT
2025-09-30 00:08:30.503,114265.8,0.001,BTCUSDT
2025-09-30 00:08:30.503,114265.7,0.002,BTCUSDT
2025-09-30 00:08:30.503,114265.7,0.002,BTCUSDT
2025-09-30 00:08:30.503,114265.6,0.002,BTCUSDT
2025-09-30 00:08:30.503,114265.5,0.002,BTCUSDT
2025-09-30 00:08:30.503,114265.1,0.003,BTCUSDT
2025-09-30 00:08:30.503,114265.0,0.002,BTCUSDT
2025-09-30 00:08:30.503,114264.8,0.002,BTCUSDT
2025-09-30 00:08:30.503,114264.7,0.002,BTCUSDT
2025-09-30 00:08:30.503,114264.6,0.002,BTCUSDT
2025-09-30 00:08:30.503,114264.6,0.013,BTCUSDT
2025-09-30 00:08:30.503,114264.1,0.066,BTCUSDT
2025-09-30 00:08:30.503,114264.1,0.002,BTCUSDT
2025-09-30 00:08:30.503,114264.1,0.005,BTCUSDT
2025-09-30 00:08:30.503,114264.0,0.001,BTCUSDT
2025-09-30 00:08:30.503,114263.9,0.001,BTCUSDT
2025-09-30 00:08:30.505,114263.9,0.017,BTCUSDT
2025-09-30 00:08:30.505,114263.9,0.001,BTCUSDT
2025-09-30 00:08:30.505,114263.7,0.011,BTCUSDT
2025-09-30 00:08:30.506,114264.3,0.002,BTCUSDT
2025-09-30 00:08:30.506,114263.6,0.001,BTCUSDT
2025-09-30 00:08:30.506,114263.6,0.065,BTCUSDT
2025-09-30 00:08:30.506,114263.6,0.034,BTCUSDT
2025-09-30 00:08:30.549,114263.7,0.001,BTCUSDT
2025-09-30 00:08:30.549,114263.7,0.103,BTCUSDT
2025-09-30 00:08:30.549,114263.7,0.103,BTCUSDT
2025-09-30 00:08:30.549,114263.7,0.149,BTCUSDT
2025-09-30 00:08:30.549,114263.7,0.026,BTCUSDT
2025-09-30 00:08:30.581,114263.7,0.038,BTCUSDT
2025-09-30 00:08:30.581,114263.7,0.095,BTCUSDT
2025-09-30 00:08:30.616,114263.6,0.001,BTCUSDT
2025-09-30 00:08:30.639,114263.6,0.04,BTCUSDT
2025-09-30 00:08:30.692,114263.6,0.002,BTCUSDT
2025-09-30 00:08:30.707,114263.7,0.002,BTCUSDT
2025-09-30 00:08:30.825,114263.6,0.003,BTCUSDT
2025-09-30 00:08:30.916,114263.6,0.001,BTCUSDT
2025-09-30 00:08:31.002,114263.6,0.001,BTCUSDT
2025-09-30 00:08:31.471,114263.7,0.004,BTCUSDT
2025-09-30 00:08:31.543,114263.6,0.241,BTCUSDT
2025-09-30 00:08:31.543,114263.6,0.001,BTCUSDT
2025-09-30 00:08:31.543,114263.6,0.128,BTCUSDT
2025-09-30 00:08:31.669,114263.6,0.004,BTCUSDT
2025-09-30 00:08:31.680,114263.6,0.004,BTCUSDT
2025-09-30 00:08:31.681,114263.6,0.04,BTCUSDT
2025-09-30 00:08:31.717,114263.6,0.043,BTCUSDT
2025-09-30 00:08:31.721,114263.6,0.129,BTCUSDT
2025-09-30 00:08:31.735,114263.6,0.004,BTCUSDT
2025-09-30 00:08:31.857,114263.7,0.014,BTCUSDT
2025-09-30 00:08:31.961,114263.7,0.021,BTCUSDT
2025-09-30 00:08:32.144,114263.7,0.004,BTCUSDT
2025-09-30 00:08:32.293,114263.7,0.012,BTCUSDT
2025-09-30 00:08:32.497,114263.7,0.004,BTCUSDT
2025-09-30 00:08:32.631,114263.6,0.04,BTCUSDT
2025-09-30 00:08:33.211,114263.7,0.055,BTCUSDT
2025-09-30 00:08:33.283,114263.6,0.003,BTCUSDT
2025-09-30 00:08:33.630,114263.6,0.04,BTCUSDT
2025-09-30 00:08:33.735,114263.7,0.004,BTCUSDT
2025-09-30 00:08:34.178,114263.6,0.001,BTCUSDT
2025-09-30 00:08:34.420,114263.7,0.009,BTCUSDT
2025-09-30 00:08:34.625,114263.6,0.04,BTCUSDT
2025-09-30 00:08:34.672,114263.7,0.119,BTCUSDT
2025-09-30 00:08:34.672,114263.7,0.267,BTCUSDT
2025-09-30 00:08:34.672,114263.7,0.5,BTCUSDT
2025-09-30 00:08:34.672,114263.7,0.001,BTCUSDT
2025-09-30 00:08:34.672,114263.7,0.001,BTCUSDT
2025-09-30 00:08:34.672,114263.7,0.001,BTCUSDT
2025-09-30 00:08:34.672,114263.7,0.001,BTCUSDT
2025-09-30 00:08:34.672,114263.7,0.001,BTCUSDT
2025-09-30 00:08:34.672,114263.7,0.001,BTCUSDT
2025-09-30 00:08:34.672,114263.7,0.001,BTCUSDT
2025-09-30 00:08:34.672,114263.7,0.001,BTCUSDT
2025-09-30 00:08:34.672,114263.7,0.001,BTCUSDT
2025-09-30 00:08:34.672,114263.7,0.001,BTCUSDT
2025-09-30 00:08:34.672,114263.7,0.001,BTCUSDT
2025-09-30 00:08:34.672,114263.7,0.001,BTCUSDT
2025-09-30 00:08:34.672,114263.7,0.001,BTCUSDT
2025-09-30 00:08:34.672,114263.7,0.088,BTCUSDT
2025-09-30 00:08:34.672,114263.7,0.005,BTCUSDT
2025-09-30 00:08:34.672,114263.7,0.003,BTCUSDT
2025-09-30 00:08:34.672,114263.7,0.03,BTCUSDT
2025-09-30 00:08:34.672,114263.7,0.046,BTCUSDT
2025-09-30 00:08:34.672,114263.7,0.009,BTCUSDT
2025-09-30 00:08:34.672,114263.7,0.003,BTCUSDT
2025-09-30 00:08:34.672,114263.7,0.001,BTCUSDT
2025-09-30 00:08:34.672,114263.7,0.002,BTCUSDT
2025-09-30 00:08:34.672,114263.7,0.044,BTCUSDT
2025-09-30 00:08:34.672,114263.7,0.017,BTCUSDT
2025-09-30 00:08:34.672,114263.7,0.017,BTCUSDT
2025-09-30 00:08:34.672,114263.7,0.011,BTCUSDT
2025-09-30 00:08:34.672,114263.7,0.008,BTCUSDT
2025-09-30 00:08:34.672,114263.7,0.009,BTCUSDT
2025-09-30 00:08:34.672,114263.7,0.001,BTCUSDT
2025-09-30 00:08:34.672,114263.7,0.009,BTCUSDT
2025-09-30 00:08:34.672,114263.7,0.875,BTCUSDT
2025-09-30 00:08:34.672,114263.7,0.015,BTCUSDT
2025-09-30 00:08:34.672,114263.7,0.001,BTCUSDT
2025-09-30 00:08:34.672,114263.7,0.001,BTCUSDT
2025-09-30 00:08:34.672,114263.7,0.014,BTCUSDT
2025-09-30 00:08:34.672,114263.7,0.59,BTCUSDT
2025-09-30 00:08:34.672,114263.7,0.001,BTCUSDT
2025-09-30 00:08:34.672,114263.7,0.035,BTCUSDT
2025-09-30 00:08:34.672,114263.7,0.25,BTCUSDT
2025-09-30 00:08:34.672,114263.7,0.002,BTCUSDT
2025-09-30 00:08:34.672,114263.7,0.002,BTCUSDT
2025-09-30 00:08:34.672,114263.7,0.008,BTCUSDT
2025-09-30 00:08:34.672,114263.7,0.018,BTCUSDT
2025-09-30 00:08:34.672,114263.7,0.004,BTCUSDT
2025-09-30 00:08:34.672,114263.7,0.008,BTCUSDT
2025-09-30 00:08:34.672,114263.8,0.001,BTCUSDT
2025-09-30 00:08:34.672,114263.8,0.002,BTCUSDT
2025-09-30 00:08:34.672,114263.9,0.002,BTCUSDT
2025-09-30 00:08:34.672,114264.0,0.001,BTCUSDT
2025-09-30 00:08:34.672,114264.5,0.002,BTCUSDT
2025-09-30 00:08:34.672,114265.0,0.002,BTCUSDT
2025-09-30 00:08:34.672,114265.6,0.002,BTCUSDT
2025-09-30 00:08:34.672,114265.6,0.002,BTCUSDT
2025-09-30 00:08:34.672,114265.7,0.002,BTCUSDT
2025-09-30 00:08:34.672,114265.7,0.006,BTCUSDT
2025-09-30 00:08:34.672,114265.7,0.015,BTCUSDT
2025-09-30 00:08:34.672,114265.8,0.065,BTCUSDT
2025-09-30 00:08:34.672,114265.8,0.002,BTCUSDT
2025-09-30 00:08:34.672,114266.0,0.001,BTCUSDT
2025-09-30 00:08:34.672,114266.2,0.003,BTCUSDT
2025-09-30 00:08:34.672,114266.3,0.002,BTCUSDT
2025-09-30 00:08:34.679,114266.5,0.001,BTCUSDT
2025-09-30 00:08:34.679,114266.5,0.001,BTCUSDT
2025-09-30 00:08:34.679,114266.9,0.002,BTCUSDT
2025-09-30 00:08:34.679,114266.9,0.001,BTCUSDT
2025-09-30 00:08:34.679,114267.5,0.002,BTCUSDT
2025-09-30 00:08:34.679,114267.9,0.066,BTCUSDT
2025-09-30 00:08:34.679,114268.0,0.065,BTCUSDT
2025-09-30 00:08:34.679,114268.1,0.002,BTCUSDT
2025-09-30 00:08:34.679,114268.7,0.002,BTCUSDT
2025-09-30 00:08:34.679,114269.0,0.053,BTCUSDT
2025-09-30 00:08:34.680,114269.0,0.022,BTCUSDT
2025-09-30 00:08:34.681,114269.2,0.001,BTCUSDT
2025-09-30 00:08:34.681,114269.3,0.002,BTCUSDT
2025-09-30 00:08:34.681,114269.4,0.001,BTCUSDT
2025-09-30 00:08:34.681,114269.4,0.06,BTCUSDT
2025-09-30 00:08:34.681,114269.4,0.001,BTCUSDT
2025-09-30 00:08:34.681,114269.4,0.018,BTCUSDT
2025-09-30 00:08:34.681,114269.4,0.001,BTCUSDT
2025-09-30 00:08:34.685,114269.5,0.046,BTCUSDT
2025-09-30 00:08:34.685,114269.8,0.002,BTCUSDT
2025-09-30 00:08:34.685,114269.9,0.001,BTCUSDT
2025-09-30 00:08:34.696,114269.9,0.004,BTCUSDT
2025-09-30 00:08:34.696,114269.9,0.001,BTCUSDT
2025-09-30 00:08:34.696,114269.9,0.001,BTCUSDT
2025-09-30 00:08:34.696,114269.9,0.001,BTCUSDT
2025-09-30 00:08:34.696,114269.9,0.001,BTCUSDT
2025-09-30 00:08:34.696,114269.9,0.001,BTCUSDT
2025-09-30 00:08:34.696,114269.9,0.001,BTCUSDT
2025-09-30 00:08:34.696,114269.9,0.001,BTCUSDT
2025-09-30 00:08:34.696,114270.0,0.001,BTCUSDT
2025-09-30 00:08:34.696,114270.0,0.001,BTCUSDT
2025-09-30 00:08:34.696,114270.0,0.002,BTCUSDT
2025-09-30 00:08:34.696,114270.0,0.001,BTCUSDT
2025-09-30 00:08:34.711,114270.1,0.002,BTCUSDT
2025-09-30 00:08:34.711,114270.1,0.001,BTCUSDT
2025-09-30 00:08:34.711,114270.1,0.001,BTCUSDT
2025-09-30 00:08:34.711,114270.1,0.001,BTCUSDT
2025-09-30 00:08:34.711,114270.1,0.001,BTCUSDT
2025-09-30 00:08:34.711,114270.1,0.001,BTCUSDT
2025-09-30 00:08:34.711,114270.1,0.001,BTCUSDT
2025-09-30 00:08:34.711,114270.1,0.001,BTCUSDT
2025-09-30 00:08:34.711,114271.1,0.002,BTCUSDT
2025-09-30 00:08:34.714,114271.7,0.002,BTCUSDT
2025-09-30 00:08:34.714,114271.7,0.001,BTCUSDT
2025-09-30 00:08:34.714,114272.0,0.002,BTCUSDT
2025-09-30 00:08:34.714,114272.3,0.002,BTCUSDT
2025-09-30 00:08:34.714,114272.4,0.001,BTCUSDT
2025-09-30 00:08:34.721,114272.6,0.001,BTCUSDT
2025-09-30 00:08:34.721,114272.6,0.001,BTCUSDT
2025-09-30 00:08:34.721,114272.6,0.001,BTCUSDT
2025-09-30 00:08:34.721,114272.6,0.001,BTCUSDT
2025-09-30 00:08:34.721,114272.6,0.001,BTCUSDT
2025-09-30 00:08:34.721,114272.8,0.001,BTCUSDT
2025-09-30 00:08:34.721,114273.0,0.007,BTCUSDT
2025-09-30 00:08:34.729,114273.3,0.002,BTCUSDT
2025-09-30 00:08:34.729,114273.3,0.066,BTCUSDT
2025-09-30 00:08:34.913,114273.3,0.001,BTCUSDT
2025-09-30 00:08:34.913,114273.3,0.001,BTCUSDT
2025-09-30 00:08:34.937,114273.3,0.001,BTCUSDT
2025-09-30 00:08:34.937,114273.3,0.001,BTCUSDT
2025-09-30 00:08:34.937,114273.3,0.001,BTCUSDT
2025-09-30 00:08:34.937,114273.3,0.001,BTCUSDT
2025-09-30 00:08:34.937,114273.3,0.001,BTCUSDT
2025-09-30 00:08:34.937,114273.3,0.013,BTCUSDT
2025-09-30 00:08:34.939,114273.3,0.016,BTCUSDT
2025-09-30 00:08:35.045,114273.2,0.001,BTCUSDT
2025-09-30 00:08:35.207,114273.3,0.001,BTCUSDT
2025-09-30 00:08:35.650,114273.2,0.003,BTCUSDT
2025-09-30 00:08:35.650,114273.2,0.037,BTCUSDT
2025-09-30 00:08:36.325,114273.2,0.001,BTCUSDT
2025-09-30 00:08:36.597,114273.2,0.003,BTCUSDT
2025-09-30 00:08:36.702,114273.2,0.04,BTCUSDT
2025-09-30 00:08:37.265,114273.2,0.022,BTCUSDT
2025-09-30 00:08:37.265,114273.2,0.001,BTCUSDT
2025-09-30 00:08:37.265,114273.2,0.013,BTCUSDT
2025-09-30 00:08:37.366,114273.3,0.002,BTCUSDT
2025-09-30 00:08:37.728,114273.2,0.029,BTCUSDT
2025-09-30 00:08:37.871,114273.2,0.041,BTCUSDT
2025-09-30 00:08:38.148,114273.2,0.001,BTCUSDT
2025-09-30 00:08:38.159,114273.2,0.022,BTCUSDT
2025-09-30 00:08:38.346,114273.3,0.07,BTCUSDT
2025-09-30 00:08:38.419,114273.2,0.009,BTCUSDT
2025-09-30 00:08:39.020,114273.2,0.023,BTCUSDT
2025-09-30 00:08:39.020,114273.2,0.018,BTCUSDT
2025-09-30 00:08:39.286,114273.3,0.002,BTCUSDT
2025-09-30 00:08:39.391,114273.2,0.001,BTCUSDT
2025-09-30 00:08:39.527,114273.2,0.01,BTCUSDT
2025-09-30 00:08:40.007,114273.3,0.088,BTCUSDT
2025-09-30 00:08:40.061,114273.3,0.001,BTCUSDT
2025-09-30 00:08:40.062,114273.3,0.286,BTCUSDT
2025-09-30 00:08:40.062,114273.3,0.001,BTCUSDT
2025-09-30 00:08:40.062,114273.3,0.004,BTCUSDT
2025-09-30 00:08:40.062,114273.3,0.087,BTCUSDT
2025-09-30 00:08:40.062,114273.3,0.087,BTCUSDT
2025-09-30 00:08:40.062,114273.3,0.003,BTCUSDT
2025-09-30 00:08:40.062,114273.3,0.24,BTCUSDT
2025-09-30 00:08:40.062,114273.3,0.118,BTCUSDT
2025-09-30 00:08:40.063,114273.3,0.322,BTCUSDT
2025-09-30 00:08:40.063,114273.3,0.001,BTCUSDT
2025-09-30 00:08:40.063,114273.3,0.636,BTCUSDT
2025-09-30 00:08:40.063,114273.3,0.001,BTCUSDT
2025-09-30 00:08:40.063,114273.3,0.002,BTCUSDT
2025-09-30 00:08:40.063,114273.3,0.001,BTCUSDT
2025-09-30 00:08:40.063,114273.3,0.009,BTCUSDT
2025-09-30 00:08:40.063,114273.3,0.017,BTCUSDT
2025-09-30 00:08:40.063,114273.3,0.001,BTCUSDT
2025-09-30 00:08:40.063,114273.3,0.001,BTCUSDT
2025-09-30 00:08:40.063,114273.3,0.001,BTCUSDT
2025-09-30 00:08:40.063,114273.3,0.002,BTCUSDT
2025-09-30 00:08:40.063,114273.3,0.004,BTCUSDT
2025-09-30 00:08:40.063,114273.3,0.008,BTCUSDT
2025-09-30 00:08:40.063,114273.3,0.001,BTCUSDT
2025-09-30 00:08:40.063,114273.3,0.002,BTCUSDT
2025-09-30 00:08:40.063,114273.3,0.027,BTCUSDT
2025-09-30 00:08:40.063,114273.4,0.001,BTCUSDT
2025-09-30 00:08:40.063,114273.4,0.001,BTCUSDT
2025-09-30 00:08:40.063,114273.4,0.001,BTCUSDT
2025-09-30 00:08:40.063,114273.4,0.002,BTCUSDT
2025-09-30 00:08:40.063,114273.9,0.002,BTCUSDT
2025-09-30 00:08:40.063,114273.9,0.005,BTCUSDT
2025-09-30 00:08:40.072,114274.6,0.002,BTCUSDT
2025-09-30 00:08:40.072,114274.6,0.002,BTCUSDT
2025-09-30 00:08:40.082,114274.8,0.001,BTCUSDT
2025-09-30 00:08:40.082,114274.8,0.002,BTCUSDT
2025-09-30 00:08:40.082,114274.8,0.099,BTCUSDT
2025-09-30 00:08:40.082,114274.8,0.002,BTCUSDT
2025-09-30 00:08:40.104,114275.2,0.002,BTCUSDT
2025-09-30 00:08:40.104,114275.2,0.001,BTCUSDT
2025-09-30 00:08:40.104,114275.2,0.001,BTCUSDT
2025-09-30 00:08:40.104,114275.2,0.001,BTCUSDT
2025-09-30 00:08:40.104,114275.2,0.001,BTCUSDT
2025-09-30 00:08:40.104,114275.2,0.001,BTCUSDT
2025-09-30 00:08:40.104,114275.3,0.001,BTCUSDT
2025-09-30 00:08:40.104,114275.3,0.001,BTCUSDT
2025-09-30 00:08:40.104,114275.3,0.017,BTCUSDT
2025-09-30 00:08:40.104,114275.7,0.001,BTCUSDT
2025-09-30 00:08:40.104,114275.8,0.034,BTCUSDT
2025-09-30 00:08:40.104,114275.9,0.001,BTCUSDT
2025-09-30 00:08:40.104,114275.9,0.002,BTCUSDT
2025-09-30 00:08:40.104,114275.9,0.001,BTCUSDT
2025-09-30 00:08:40.104,114276.2,0.003,BTCUSDT
2025-09-30 00:08:40.104,114276.3,0.002,BTCUSDT
2025-09-30 00:08:40.116,114276.5,0.022,BTCUSDT
2025-09-30 00:08:40.116,114276.5,0.652,BTCUSDT
2025-09-30 00:08:40.116,114276.5,0.202,BTCUSDT
2025-09-30 00:08:40.116,114276.5,0.065,BTCUSDT
2025-09-30 00:08:40.123,114276.6,0.001,BTCUSDT
2025-09-30 00:08:40.123,114276.6,0.001,BTCUSDT
2025-09-30 00:08:40.125,114276.5,0.001,BTCUSDT
2025-09-30 00:08:40.128,114276.6,0.001,BTCUSDT
2025-09-30 00:08:40.128,114276.6,0.001,BTCUSDT
2025-09-30 00:08:40.128,114276.6,0.001,BTCUSDT
2025-09-30 00:08:40.128,114276.6,0.003,BTCUSDT
2025-09-30 00:08:40.136,114276.6,0.009,BTCUSDT
2025-09-30 00:08:40.137,114276.6,0.001,BTCUSDT
2025-09-30 00:08:40.137,114276.6,0.001,BTCUSDT
2025-09-30 00:08:40.137,114276.6,0.001,BTCUSDT
2025-09-30 00:08:40.137,114276.6,0.006,BTCUSDT
2025-09-30 00:08:40.137,114276.6,0.004,BTCUSDT
2025-09-30 00:08:40.139,114276.6,0.008,BTCUSDT
2025-09-30 00:08:40.139,114276.5,0.041,BTCUSDT
2025-09-30 00:08:40.142,114276.6,0.069,BTCUSDT
2025-09-30 00:08:40.142,114276.6,0.003,BTCUSDT
2025-09-30 00:08:40.142,114276.6,0.001,BTCUSDT
2025-09-30 00:08:40.142,114276.6,0.058,BTCUSDT
2025-09-30 00:08:40.148,114276.6,0.029,BTCUSDT
2025-09-30 00:08:40.148,114276.6,0.014,BTCUSDT
2025-09-30 00:08:40.148,114276.6,0.001,BTCUSDT
2025-09-30 00:08:40.148,114276.6,0.004,BTCUSDT
2025-09-30 00:08:40.148,114276.6,0.001,BTCUSDT
2025-09-30 00:08:40.267,114276.7,0.002,BTCUSDT
2025-09-30 00:08:40.954,114276.7,0.01,BTCUSDT
2025-09-30 00:08:40.994,114276.7,0.087,BTCUSDT
2025-09-30 00:08:41.041,114276.7,0.007,BTCUSDT
2025-09-30 00:08:41.083,114276.7,0.081,BTCUSDT
2025-09-30 00:08:41.158,114276.6,0.041,BTCUSDT
2025-09-30 00:08:41.170,114276.7,0.007,BTCUSDT
2025-09-30 00:08:41.240,114276.7,0.102,BTCUSDT
2025-09-30 00:08:41.240,114276.7,0.012,BTCUSDT
2025-09-30 00:08:41.240,114276.7,0.002,BTCUSDT
2025-09-30 00:08:41.764,114276.7,0.449,BTCUSDT
2025-09-30 00:08:41.878,114276.6,1.0,BTCUSDT
2025-09-30 00:08:41.881,114276.7,0.934,BTCUSDT
2025-09-30 00:08:41.980,114276.6,0.105,BTCUSDT
2025-09-30 00:08:41.993,114276.6,0.709,BTCUSDT
2025-09-30 00:08:41.993,114276.6,0.575,BTCUSDT
2025-09-30 00:08:42.104,114276.7,0.087,BTCUSDT
2025-09-30 00:08:42.157,114276.6,0.041,BTCUSDT
